<?xml version="1.0" encoding="UTF-8"?><record xmlns="http://www.loc.gov/MARC21/slim" xmlns:cinclude="http://apache.org/cocoon/include/1.0" xmlns:zs="http://www.loc.gov/zing/srw/">
  <leader>00886nz  a2200193n  4500</leader>
  <controlfield tag="001">no2015166780</controlfield>
  <controlfield tag="003">DLC</controlfield>
  <controlfield tag="005">20151217073505.0</controlfield>
  <controlfield tag="008">151216n| azannaabn          |n aaa     c</controlfield>
  <datafield tag="010" ind1=" " ind2=" ">
    <subfield code="a">no2015166780</subfield>
  </datafield>
  <datafield tag="035" ind1=" " ind2=" ">
    <subfield code="a">(OCoLC)oca10345691</subfield>
  </datafield>
  <datafield tag="040" ind1=" " ind2=" ">
    <subfield code="a">DGW-L</subfield>
    <subfield code="b">eng</subfield>
    <subfield code="e">rda</subfield>
    <subfield code="c">DGW-L</subfield>
  </datafield>
  <datafield tag="100" ind1="1" ind2=" ">
    <subfield code="a">Wiand, Burton W.</subfield>
  </datafield>
  <datafield tag="372" ind1=" " ind2=" ">
    <subfield code="a">Arbitration and award</subfield>
    <subfield code="a">Securities</subfield>
    <subfield code="a">Complex litigation</subfield>
    <subfield code="a">White collar crimes</subfield>
    <subfield code="a">Law</subfield>
    <subfield code="2">lcsh</subfield>
  </datafield>
  <datafield tag="373" ind1=" " ind2=" ">
    <subfield code="a">United States. Securities and Exchange Commission. Division of Enforcement</subfield>
    <subfield code="2">naf</subfield>
  </datafield>
  <datafield tag="374" ind1=" " ind2=" ">
    <subfield code="a">Lawyers</subfield>
    <subfield code="a">Authors</subfield>
    <subfield code="2">lcsh</subfield>
  </datafield>
  <datafield tag="375" ind1=" " ind2=" ">
    <subfield code="a">male</subfield>
  </datafield>
  <datafield tag="377" ind1=" " ind2=" ">
    <subfield code="a">eng</subfield>
  </datafield>
  <datafield tag="670" ind1=" " ind2=" ">
    <subfield code="a">Bader, W. Reece. Securities arbitration, 2015- :</subfield>
    <subfield code="b">title page (Burton W. Wiand) page xvii (Burton W. Wiand; formed Wiand Guerra King law firm in 2009; worked for the law firm of Fowler White Boggs Banker, 1989-2009; formerly with the SEC's Division of Enforcement; J.D. from the University of Georgia, 1971)</subfield>
  </datafield>
</record>